% 22115189
@Article{viennaTwoPaper, Author="Lorenz, R. and Bernhart, S. H. and Honer Zu Siederdissen, C. and Tafer, H. and Flamm, C. and Stadler, P. F. and Hofacker, I. L. ", Title="{{V}ienna{R}{N}{A} {P}ackage 2.0}", Journal="Algorithms Mol Biol", Year="2011", Volume="6", Pages="26" }

% 24515409
@Article{fftTwoPaper, Author="Senter, E. and Dotu, I. and Clote, P. ", Title="{{R}{N}{A} folding pathways and kinetics using 2{D} energy landscapes}", Journal="J Math Biol", Year="2014", Pages=" ", Month="Feb" }

@article{fftwThreePaper, title={The Design and Implementation of FFTW3}, volume={93}, ISSN={0018-9219}, url={http://dx.doi.org/10.1109/JPROC.2004.840301}, DOI={10.1109/jproc.2004.840301}, number={2}, journal={Proceedings of the IEEE}, publisher={Institute of Electrical & Electronics Engineers (IEEE)}, author={Frigo, M. and Johnson, S.G.}, pages={216â€“231}}
